@article{Montalto_2021,
	author = {M. Montalto and G. Piotto and P. M. Marrese and V. Nascimbeni and L. Prisinzano and V. Granata and S. Marinoni and S. Desidera and S. Ortolani and C. Aerts and E. Alei and G. Altavilla and S. Benatti and A. Börner and J. Cabrera and R. Claudi and M. Deleuil and M. Fabrizio and L. Gizon and M. J. Goupil and A. M. Heras and D. Magrin and L. Malavolta and J. M. Mas-Hesse and I. Pagano and C. Paproth and M. Pertenais and D. Pollacco and R. Ragazzoni and G. Ramsay and H. Rauer and S. Udry},
	title = {The all-sky {PLATO} input catalogue},
	journal = {Astronomy \& Astrophysics},
    year = 2021, 
	volume = {653},
    pages = {A98},
    doi = {10.1051/0004-6361/202140717}
}


@article{Nascimbeni_2022,
	doi = {10.1051/0004-6361/202142256},
	year = 2022,
	volume = {658},
    pages = {A31},
	author = {V. Nascimbeni and G. Piotto and A. Börner and M. Montalto and P. M. Marrese and J. Cabrera and S. Marinoni and C. Aerts and G. Altavilla and S. Benatti and R. Claudi and M. Deleuil and S. Desidera and M. Fabrizio and L. Gizon and M. J. Goupil and V. Granata and A. M. Heras and D. Magrin and L. Malavolta and J. M. Mas-Hesse and S. Ortolani and I. Pagano and D. Pollacco and L. Prisinzano and R. Ragazzoni and G. Ramsay and H. Rauer and S. Udry},
	title = {The {PLATO} field selection process},
	journal = {Astronomy \& Astrophysics}
}



@misc{Eyer,
  doi = {10.48550/arXiv.2206.06416},
  author = {Eyer, L. and Audard, M. and Holl, B. and Rimoldini, L. and Carnerero, M. I. and Clementini, G. and De Ridder, J. and Distefano, E. and Evans, D. W. and Gavras, P. and Gomel, R. and Lebzelter, T. and Marton, G. and Mowlavi, N. and Panahi, A. and Ripepi, V. and Wyrzykowski, L. and Nienartowicz, K. and de Fombelle, G. Jevardat and Lecoeur-Taibi, I. and Rohrbasser, L. and Riello, M. and Garcia-Lario, P. and Lanzafame, A. C. and Mazeh, T. and Raiteri, C. M. and Zucker, S. and Abraham, P. and Aerts, C. and Aguado, J. J. and Anderson, R. I. and Bashi, D. and Binnenfeld, A. and Faigler, S. and Garofalo, A. and Karbevska, L. and Kospal, A. and Kruszynska, K. and Kun, M. and Lanza, A. F. and Leccia, S. and Marconi, M. and Messina, S. and Molinaro, R. and Molnar, L. and Muraveva, T. and Musella, I. and Nagy, Z. and Pagano, I. and Palaversa, L. and Plachy, E. and Rybicki, K. A. and Shahaf, S. and Szabados, L. and Szegedi-Elek, E. and Trabucchi, M. and Barblan, F. and Roelens, M.},
  title = {Gaia Data Release 3. Summary of the variability processing and analysis},
  publisher = {arXiv},
  year = {2022}
}


@misc{Rimoldini,
  doi = {10.48550/arXiv.2211.17238}, 
  author = {Rimoldini, Lorenzo and Holl, Berry and Gavras, Panagiotis and Audard, Marc and De Ridder, Joris and Mowlavi, Nami and Nienartowicz, Krzysztof and de Fombelle, Grégory Jevardat and Lecoeur-Taïbi, Isabelle and Karbevska, Lea and Evans, Dafydd W. and Ábrahám, Péter and Carnerero, Maria I. and Clementini, Gisella and Distefano, Elisa and Garofalo, Alessia and García-Lario, Pedro and Gomel, Roy and Klioner, Sergei A. and Kruszyńska, Katarzyna and Lanzafame, Alessandro C. and Lebzelter, Thomas and Marton, Gábor and Mazeh, Tsevi and Molinaro, Roberto and Panahi, Aviad and Raiteri, Claudia M. and Ripepi, Vincenzo and Szabados, László and Teyssier, David and Trabucchi, Michele and Wyrzykowski, Łukasz and Zucker, Shay and Eyer, Laurent},
  title = {Gaia Data Release 3: All-sky classification of 12.4 million variable sources into 25 classes},
  publisher = {arXiv},
  year = {2022},
}



@article{Panahi_2022,
	doi = {10.1051/0004-6361/202243497},
	year = 2022,
	month = {jul},
	publisher = {{EDP} Sciences},
	volume = {663},
	pages = {A101},
	author = {Aviad Panahi and Shay Zucker and Gisella Clementini and Marc Audard and Avraham Binnenfeld and Felice Cusano and Dafydd Wyn Evans and Roy Gomel and Berry Holl and Ilya Ilyin and Gr{\'{e}}gory Jevardat de Fombelle and Tsevi Mazeh and Nami Mowlavi and Krzysztof Nienartowicz and Lorenzo Rimoldini and Sahar Shahaf and Laurent Eyer},
	title = {The detection of transiting exoplanets by Gaia},
	journal = {Astronomy \& Astrophysics}
}




@misc{https://doi.org/10.48550/arxiv.2207.01946,
  doi = {10.48550/arXiv.2207.01946},
  author = {Gavras, P. and Rimoldini, L. and Nienartowicz, K. and de Fombelle, G. Jevardat and Holl, B. and Ábrahám, P. and Audard, M. and Carnerero, M. and Clementini, G. and De Ridder, J. and Distefano, E. and Garcia-Lario, P. and Garofalo, A. and Kóspál, Á. and Kruszyńska, K. and Kun, M. and Lecoeur-Taïbi, I. and Marton, G. and Mazeh, T. and Mowlavi, N. and Raiteri, C. and Ripepi, V. and Szabados, L. and Zucker, S. and Eyer, L.},
  title = {Gaia Data Release 3: Cross-match of Gaia sources with variable objects from the literature},
  publisher = {arXiv},
  year = {2022},
  copyright = {arXiv.org perpetual, non-exclusive license}
}

@article{2016,
	doi = {10.1051/0004-6361/201629272},
  
	%url = {https://doi.org/10.1051%2F0004-6361%2F201629272},
  
	year = 2016,
	%month = {nov},
  
	publisher = {{EDP} Sciences},
  
	volume = {595},
  
	pages = {A1},
  
	author = {{Gaia Collaboration} and T. Prusti and J. H. J. de Bruijne and A. G. A. Brown and A. Vallenari and C. Babusiaux and C. A. L. Bailer-Jones and U. Bastian and M. Biermann and D. W. Evans and L. Eyer and F. Jansen and C. Jordi and S. A. Klioner and U. Lammers and L. Lindegren and X. Luri and F. Mignard and D. J. Milligan and C. Panem and V. Poinsignon and D. Pourbaix and S. Randich and G. Sarri and P. Sartoretti and H. I. Siddiqui and C. Soubiran and V. Valette and F. van Leeuwen and N. A. Walton and C. Aerts and F. Arenou and M. Cropper and R. Drimmel and E. H{\o}g and D. Katz and M. G. Lattanzi and W. O'Mullane and E. K. Grebel and A. D. Holland and C. Huc and X. Passot and L. Bramante and C. Cacciari and J. Casta{\~{n}
}eda and L. Chaoul and N. Cheek and F. De Angeli and C. Fabricius and R. Guerra and J. Hern{\'{a}}ndez and A. Jean-Antoine-Piccolo and E. Masana and R. Messineo and N. Mowlavi and K. Nienartowicz and D. Ord{\'{o}}{\~{n}}ez-Blanco and P. Panuzzo and J. Portell and P. J. Richards and M. Riello and G. M. Seabroke and P. Tanga and F. Th{\'{e}}venin and J. Torra and S. G. Els and G. Gracia-Abril and G. Comoretto and M. Garcia-Reinaldos and T. Lock and E. Mercier and M. Altmann and R. Andrae and T. L. Astraatmadja and I. Bellas-Velidis and K. Benson and J. Berthier and R. Blomme and G. Busso and B. Carry and A. Cellino and G. Clementini and S. Cowell and O. Creevey and J. Cuypers and M. Davidson and J. De Ridder and A. de Torres and L. Delchambre and A. Dell'Oro and C. Ducourant and Y. Fr{\'{e}}mat and M. Garc{\'{\i}}a-Torres and E. Gosset and J.-L. Halbwachs and N. C. Hambly and D. L. Harrison and M. Hauser and D. Hestroffer and S. T. Hodgkin and H. E. Huckle and A. Hutton and G. Jasniewicz and S. Jordan and M. Kontizas and A. J. Korn and A. C. Lanzafame and M. Manteiga and A. Moitinho and K. Muinonen and J. Osinde and E. Pancino and T. Pauwels and J.-M. Petit and A. Recio-Blanco and A. C. Robin and L. M. Sarro and C. Siopis and M. Smith and K. W. Smith and A. Sozzetti and W. Thuillot and W. van Reeven and Y. Viala and U. Abbas and A. Abreu Aramburu and S. Accart and J. J. Aguado and P. M. Allan and W. Allasia and G. Altavilla and M. A. {\'{A}}lvarez and J. Alves and R. I. Anderson and A. H. Andrei and E. Anglada Varela and E. Antiche and T. Antoja and S. Ant{\'{o}}n and B. Arcay and A. Atzei and L. Ayache and N. Bach and S. G. Baker and L. Balaguer-N{\'{u}}{\~{n}}ez and C. Barache and C. Barata and A. Barbier and F. Barblan and M. Baroni and D. Barrado y Navascu{\'{e}}s and M. Barros and M. A. Barstow and U. Becciani and M. Bellazzini and G. Bellei and A. Bello Garc{\'{\i}}a and V. Belokurov and P. Bendjoya and A. Berihuete and L. Bianchi and O. Bienaym{\'{e}} and F. Billebaud and N. Blagorodnova and S. Blanco-Cuaresma and T. Boch and A. Bombrun and R. Borrachero and S. Bouquillon and G. Bourda and H. Bouy and A. Bragaglia and M. A. Breddels and N. Brouillet and T. Brüsemeister and B. Bucciarelli and F. Budnik and P. Burgess and R. Burgon and A. Burlacu and D. Busonero and R. Buzzi and E. Caffau and J. Cambras and H. Campbell and R. Cancelliere and T. Cantat-Gaudin and T. Carlucci and J. M. Carrasco and M. Castellani and P. Charlot and J. Charnas and P. Charvet and F. Chassat and A. Chiavassa and M. Clotet and G. Cocozza and R. S. Collins and P. Collins and G. Costigan and F. Crifo and N. J. G. Cross and M. Crosta and C. Crowley and C. Dafonte and Y. Damerdji and A. Dapergolas and P. David and M. David and P. De Cat and F. de Felice and P. de Laverny and F. De Luise and R. De March and D. de Martino and R. de Souza and J. Debosscher and E. del Pozo and M. Delbo and A. Delgado and H. E. Delgado and F. di Marco and P. Di Matteo and S. Diakite and E. Distefano and C. Dolding and S. Dos Anjos and P. Drazinos and J. Dur{\'{a}}n and Y. Dzigan and E. Ecale and B. Edvardsson and H. Enke and M. Erdmann and D. Escolar and M. Espina and N. W. Evans and G. Eynard Bontemps and C. Fabre and M. Fabrizio and S. Faigler and A. J. Falc{\~{a}}o and M. Farr{\`{a}}s Casas and F. Faye and L. Federici and G. Fedorets and J. Fern{\'{a}}ndez-Hern{\'{a}}ndez and P. Fernique and A. Fienga and F. Figueras and F. Filippi and K. Findeisen and A. Fonti and M. Fouesneau and E. Fraile and M. Fraser and J. Fuchs and R. Furnell and M. Gai and S. Galleti and L. Galluccio and D. Garabato and F. Garc{\'{\i}}a-Sedano and P. Gar{\'{e}} and A. Garofalo and N. Garralda and P. Gavras and J. Gerssen and R. Geyer and G. Gilmore and S. Girona and G. Giuffrida and M. Gomes and A. Gonz{\'{a}}lez-Marcos and J. Gonz{\'{a}}lez-N{\'{u}}{\~{n}}ez and J. J. Gonz{\'{a}}lez-Vidal and M. Granvik and A. Guerrier and P. Guillout and J. Guiraud and A. G{\'{u}}rpide and R. Guti{\'{e}}rrez-S{\'{a}}nchez and L. P. Guy and R. Haigron and D. Hatzidimitriou and M. Haywood and U. Heiter and A. Helmi and D. Hobbs and W. Hofmann and B. Holl and G. Holland and J. A. S. Hunt and A. Hypki and V. Icardi and M. Irwin and G. Jevardat de Fombelle and P. Jofr{\'{e}} and P. G. Jonker and A. Jorissen and F. Julbe and A. Karampelas and A. Kochoska and R. Kohley and K. Kolenberg and E. Kontizas and S. E. Koposov and G. Kordopatis and P. Koubsky and A. Kowalczyk and A. Krone-Martins and M. Kudryashova and I. Kull and R. K. Bachchan and F. Lacoste-Seris and A. F. Lanza and J.-B. Lavigne and C. Le Poncin-Lafitte and Y. Lebreton and T. Lebzelter and S. Leccia and N. Leclerc and I. Lecoeur-Taibi and V. Lemaitre and H. Lenhardt and F. Leroux and S. Liao and E. Licata and H. E. P. Lindstr{\o}m and T. A. Lister and E. Livanou and A. Lobel and W. Löffler and M. L{\'{o}}pez and A. Lopez-Lozano and D. Lorenz and T. Loureiro and I. MacDonald and T. Magalh{\~{a}}es Fernandes and S. Managau and R. G. Mann and G. Mantelet and O. Marchal and J. M. Marchant and M. Marconi and J. Marie and S. Marinoni and P. M. Marrese and G. Marschalk{\'{o}} and D. J. Marshall and J. M. Mart{\'{\i}}n-Fleitas and M. Martino and N. Mary and G. Matijevi{\v{c}} and T. Mazeh and P. J. McMillan and S. Messina and A. Mestre and D. Michalik and N. R. Millar and B. M. H. Miranda and D. Molina and R. Molinaro and M. Molinaro and L. Moln{\'{a}}r and M. Moniez and P. Montegriffo and D. Monteiro and R. Mor and A. Mora and R. Morbidelli and T. Morel and S. Morgenthaler and T. Morley and D. Morris and A. F. Mulone and T. Muraveva and I. Musella and J. Narbonne and G. Nelemans and L. Nicastro and L. Noval and C. Ord{\'{e}}novic and J. Ordieres-Mer{\'{e}} and P. Osborne and C. Pagani and I. Pagano and F. Pailler and H. Palacin and L. Palaversa and P. Parsons and T. Paulsen and M. Pecoraro and R. Pedrosa and H. Pentikäinen and J. Pereira and B. Pichon and A. M. Piersimoni and F.-X. Pineau and E. Plachy and G. Plum and E. Poujoulet and A. Pr{\v{s}}a and L. Pulone and S. Ragaini and S. Rago and N. Rambaux and M. Ramos-Lerate and P. Ranalli and G. Rauw and A. Read and S. Regibo and F. Renk and C. Reyl{\'{e}} and R. A. Ribeiro and L. Rimoldini and V. Ripepi and A. Riva and G. Rixon and M. Roelens and M. Romero-G{\'{o}}mez and N. Rowell and F. Royer and A. Rudolph and L. Ruiz-Dern and G. Sadowski and T. Sagrist{\`{a}} Sell{\'{e}}s and J. Sahlmann and J. Salgado and E. Salguero and M. Sarasso and H. Savietto and A. Schnorhk and M. Schultheis and E. Sciacca and M. Segol and J. C. Segovia and D. Segransan and E. Serpell and I-C. Shih and R. Smareglia and R. L. Smart and C. Smith and E. Solano and F. Solitro and R. Sordo and S. Soria Nieto and J. Souchay and A. Spagna and F. Spoto and U. Stampa and I. A. Steele and H. Steidelmüller and C. A. Stephenson and H. Stoev and F. F. Suess and M. Süveges and J. Surdej and L. Szabados and E. Szegedi-Elek and D. Tapiador and F. Taris and G. Tauran and M. B. Taylor and R. Teixeira and D. Terrett and B. Tingley and S. C. Trager and C. Turon and A. Ulla and E. Utrilla and G. Valentini and A. van Elteren and E. Van Hemelryck and M. van Leeuwen and M. Varadi and A. Vecchiato and J. Veljanoski and T. Via and D. Vicente and S. Vogt and H. Voss and V. Votruba and S. Voutsinas and G. Walmsley and M. Weiler and K. Weingrill and D. Werner and T. Wevers and G. Whitehead and {\L}. Wyrzykowski and A. Yoldas and M. {\v{Z}}erjal and S. Zucker and C. Zurbach and T. Zwitter and A. Alecu and M. Allen and C. Allende Prieto and A. Amorim and G. Anglada-Escud{\'{e}} and V. Arsenijevic and S. Azaz and P. Balm and M. Beck and H.-H. Bernstein and L. Bigot and A. Bijaoui and C. Blasco and M. Bonfigli and G. Bono and S. Boudreault and A. Bressan and S. Brown and P.-M. Brunet and P. Bunclark and R. Buonanno and A. G. Butkevich and C. Carret and C. Carrion and L. Chemin and F. Ch{\'{e}}reau and L. Corcione and E. Darmigny and K. S. de Boer and P. de Teodoro and P. T. de Zeeuw and C. Delle Luche and C. D. Domingues and P. Dubath and F. Fodor and B. Fr{\'{e}}zouls and A. Fries and D. Fustes and D. Fyfe and E. Gallardo and J. Gallegos and D. Gardiol and M. Gebran and A. Gomboc and A. G{\'{o}}mez and E. Grux and A. Gueguen and A. Heyrovsky and J. Hoar and G. Iannicola and Y. Isasi Parache and A.-M. Janotto and E. Joliet and A. Jonckheere and R. Keil and D.-W. Kim and P. Klagyivik and J. Klar and J. Knude and O. Kochukhov and I. Kolka and J. Kos and A. Kutka and V. Lainey and D. LeBouquin and C. Liu and D. Loreggia and V. V. Makarov and M. G. Marseille and C. Martayan and O. Martinez-Rubi and B. Massart and F. Meynadier and S. Mignot and U. Munari and A.-T. Nguyen and T. Nordlander and P. Ocvirk and K. S. O'Flaherty and A. Olias Sanz and P. Ortiz and J. Osorio and D. Oszkiewicz and A. Ouzounis and M. Palmer and P. Park and E. Pasquato and C. Peltzer and J. Peralta and F. P{\'{e}}turaud and T. Pieniluoma and E. Pigozzi and J. Poels and G. Prat and T. Prod'homme and F. Raison and J. M. Rebordao and D. Risquez and B. Rocca-Volmerange and S. Rosen and M. I. Ruiz-Fuertes and F. Russo and S. Sembay and I. Serraller Vizcaino and A. Short and A. Siebert and H. Silva and D. Sinachopoulos and E. Slezak and M. Soffel and D. Sosnowska and V. Strai{\v{z}}ys and M. ter Linden and D. Terrell and S. Theil and C. Tiede and L. Troisi and P. Tsalmantza and D. Tur and M. Vaccari and F. Vachier and P. Valles and W. Van Hamme and L. Veltz and J. Virtanen and J.-M. Wallut and R. Wichmann and M. I. Wilkinson and H. Ziaeepour and S. Zschocke},
  
	title = {The Gaia mission},
  
	journal = {Astronomy \& Astrophysics}
}


@misc{https://doi.org/10.48550/arxiv.2208.00211,
  doi = {10.48550/arXiv.2208.00211},
  
  %url = {https://arxiv.org/abs/2208.00211},
  
  author = {{Gaia Collaboration} and Vallenari, A. and Brown, A. G. A. and Prusti, T. and de Bruijne, J. H. J. and Arenou, F. and Babusiaux, C. and Biermann, M. and Creevey, O. L. and Ducourant, C. and Evans, D. W. and Eyer, L. and Guerra, R. and Hutton, A. and Jordi, C. and Klioner, S. A. and Lammers, U. L. and Lindegren, L. and Luri, X. and Mignard, F. and Panem, C. and Pourbaix, D. and Randich, S. and Sartoretti, P. and Soubiran, C. and Tanga, P. and Walton, N. A. and Bailer-Jones, C. A. L. and Bastian, U. and Drimmel, R. and Jansen, F. and Katz, D. and Lattanzi, M. G. and van Leeuwen, F. and Bakker, J. and Cacciari, C. and Castañeda, J. and De Angeli, F. and Fabricius, C. and Fouesneau, M. and Frémat, Y. and Galluccio, L. and Guerrier, A. and Heiter, U. and Masana, E. and Messineo, R. and Mowlavi, N. and Nicolas, C. and Nienartowicz, K. and Pailler, F. and Panuzzo, P. and Riclet, F. and Roux, W. and Seabroke, G. M. and Sordoørcit, R. and Thévenin, F. and Gracia-Abril, G. and Portell, J. and Teyssier, D. and Altmann, M. and Andrae, R. and Audard, M. and Bellas-Velidis, I. and Benson, K. and Berthier, J. and Blomme, R. and Burgess, P. W. and Busonero, D. and Busso, G. and Cánovas, H. and Carry, B. and Cellino, A. and Cheek, N. and Clementini, G. and Damerdji, Y. and Davidson, M. and de Teodoro, P. and Campos, M. Nuñez and Delchambre, L. and Dell'Oro, A. and Esquej, P. and Fernández-Hernández, J. and Fraile, E. and Garabato, D. and García-Lario, P. and Gosset, E. and Haigron, R. and Halbwachs, J. -L. and Hambly, N. C. and Harrison, D. L. and Hernández, J. and Hestroffer, D. and Hodgkin, S. T. and Holl, B. and Janßen, K. and de Fombelle, G. Jevardat and Jordan, S. and Krone-Martins, A. and Lanzafame, A. C. and Löffler, W. and Marchal, O. and Marrese, P. M. and Moitinho, A. and Muinonen, K. and Osborne, P. and Pancino, E. and Pauwels, T. and Recio-Blanco, A. and Reylé, C. and Riello, M. and Rimoldini, L. and Roegiers, T. and Rybizki, J. and Sarro, L. M. and Siopis, C. and Smith, M. and Sozzetti, A. and Utrilla, E. and van Leeuwen, M. and Abbas, U. and Ábrahám, P. and Aramburu, A. Abreu and Aerts, C. and Aguado, J. J. and Ajaj, M. and Aldea-Montero, F. and Altavilla, G. and Álvarez, M. A. and Alves, J. and Anders, F. and Anderson, R. I. and Varela, E. Anglada and Antoja, T. and Baines, D. and Baker, S. G. and Balaguer-Núñez, L. and Balbinot, E. and Balog, Z. and Barache, C. and Barbato, D. and Barros, M. and Barstow, M. A. and Bartolomé, S. and Bassilana, J. -L. and Bauchet, N. and Becciani, U. and Bellazzini, M. and Berihuete, A. and Bernet, M. and Bertone, S. and Bianchi, L. and Binnenfeld, A. and Blanco-Cuaresma, S. and Blazere, A. and Boch, T. and Bombrun, A. and Bossini, D. and Bouquillon, S. and Bragaglia, A. and Bramante, L. and Breedt, E. and Bressan, A. and Brouillet, N. and Brugaletta, E. and Bucciarelli, B. and Burlacu, A. and Butkevich, A. G. and Buzzi, R. and Caffau, E. and Cancelliere, R. and Cantat-Gaudin, T. and Carballo, R. and Carlucci, T. and Carnerero, M. I. and Carrasco, J. M. and Casamiquela, L. and Castellani, M. and Castro-Ginard, A. and Chaoul, L. and Charlot, P. and Chemin, L. and Chiaramida, V. and Chiavassa, A. and Chornay, N. and Comoretto, G. and Contursi, G. and Cooper, W. J. and Cornez, T. and Cowell, S. and Crifo, F. and Cropper, M. and Crosta, M. and Crowley, C. and Dafonte, C. and Dapergolas, A. and David, M. and David, P. and de Laverny, P. and De Luise, F. and De March, R. and De Ridder, J. and de Souza, R. and de Torres, A. and del Peloso, E. F. and del Pozo, E. and Delbo, M. and Delgado, A. and Delisle, J. -B. and Demouchy, C. and Dharmawardena, T. E. and Di Matteo, P. and Diakite, S. and Diener, C. and Distefano, E. and Dolding, C. and Edvardsson, B. and Enke, H. and Fabre, C. and Fabrizio, M. and Faigler, S. and Fedorets, G. and Fernique, P. and Fienga, A. and Figueras, F. and Fournier, Y. and Fouron, C. and Fragkoudi, F. and Gai, M. and Garcia-Gutierrez, A. and Garcia-Reinaldos, M. and García-Torres, M. and Garofalo, A. and Gavel, A. and Gavras, P. and Gerlach, E. and Geyer, R. and Giacobbe, P. and Gilmore, G. and Girona, S. and Giuffrida, G. and Gomel, R. and Gomez, A. and González-Núñez, J. and González-Santamaría, I. and González-Vidal, J. J. and Granvik, M. and Guillout, P. and Guiraud, J. and Gutiérrez-Sánchez, R. and Guy, L. P. and Hatzidimitriou, D. and Hauser, M. and Haywood, M. and Helmer, A. and Helmi, A. and Sarmiento, M. H. and Hidalgo, S. L. and Hilger, T. and Hładczuk, N. and Hobbs, D. and Holland, G. and Huckle, H. E. and Jardine, K. and Jasniewicz, G. and Piccolo, A. Jean-Antoine and Jiménez-Arranz, Ó. and Jorissen, A. and Campillo, J. Juaristi and Julbe, F. and Karbevska, L. and Kervella, P. and Khanna, S. and Kontizas, M. and Kordopatis, G. and Korn, A. J. and Kóspál, Á and Kostrzewa-Rutkowska, Z. and Kruszyńska, K. and Kun, M. and Laizeau, P. and Lambert, S. and Lanza, A. F. and Lasne, Y. and Campion, J. -F. Le and Lebreton, Y. and Lebzelter, T. and Leccia, S. and Leclerc, N. and Lecoeur-Taibi, I. and Liao, S. and Licata, E. L. and Lindstrøm, H. E. P. and Lister, T. A. and Livanou, E. and Lobel, A. and Lorca, A. and Loup, C. and Pardo, P. Madrero and Romeo, A. Magdaleno and Managau, S. and Mann, R. G. and Manteiga, M. and Marchant, J. M. and Marconi, M. and Marcos, J. and Santos, M. M. S. Marcos and Pina, D. Marín and Marinoni, S. and Marocco, F. and Marshall, D. J. and Polo, L. Martin and Martín-Fleitas, J. M. and Marton, G. and Mary, N. and Masip, A. and Massari, D. and Mastrobuono-Battisti, A. and Mazeh, T. and McMillan, P. J. and Messina, S. and Michalik, D. and Millar, N. R. and Mints, A. and Molina, D. and Molinaro, R. and Molnár, L. and Monari, G. and Monguió, M. and Montegriffo, P. and Montero, A. and Mor, R. and Mora, A. and Morbidelli, R. and Morel, T. and Morris, D. and Muraveva, T. and Murphy, C. P. and Musella, I. and Nagy, Z. and Noval, L. and Ocaña, F. and Ogden, A. and Ordenovic, C. and Osinde, J. O. and Pagani, C. and Pagano, I. and Palaversa, L. and Palicio, P. A. and Pallas-Quintela, L. and Panahi, A. and Payne-Wardenaar, S. and Esteller, X. Peñalosa and Penttilä, A. and Pichon, B. and Piersimoni, A. M. and Pineau, F. -X. and Plachy, E. and Plum, G. and Poggio, E. and Prša, A. and Pulone, L. and Racero, E. and Ragaini, S. and Rainer, M. and Raiteri, C. M. and Rambaux, N. and Ramos, P. and Ramos-Lerate, M. and Fiorentin, P. Re and Regibo, S. and Richards, P. J. and Diaz, C. Rios and Ripepi, V. and Riva, A. and Rix, H. -W. and Rixon, G. and Robichon, N. and Robin, A. C. and Robin, C. and Roelens, M. and Rogues, H. R. O. and Rohrbasser, L. and Romero-Gómez, M. and Rowell, N. and Royer, F. and Mieres, D. Ruz and Rybicki, K. A. and Sadowski, G. and Núñez, A. Sáez and Sellés, A. Sagristà and Sahlmann, J. and Salguero, E. and Samaras, N. and Gimenez, V. Sanchez and Sanna, N. and Santoveña, R. and Sarasso, M. and Schultheis, M. and Sciacca, E. and Segol, M. and Segovia, J. C. and Ségransan, D. and Semeux, D. and Shahaf, S. and Siddiqui, H. I. and Siebert, A. and Siltala, L. and Silvelo, A. and Slezak, E. and Slezak, I. and Smart, R. L. and Snaith, O. N. and Solano, E. and Solitro, F. and Souami, D. and Souchay, J. and Spagna, A. and Spina, L. and Spoto, F. and Steele, I. A. and Steidelmüller, H. and Stephenson, C. A. and Süveges, M. and Surdej, J. and Szabados, L. and Szegedi-Elek, E. and Taris, F. and Taylo, M. B. and Teixeira, R. and Tolomei, L. and Tonello, N. and Torra, F. and Torra, J. and Elipe, G. Torralba and Trabucchi, M. and Tsounis, A. T. and Turon, C. and Ulla, A. and Unger, N. and Vaillant, M. V. and van Dillen, E. and van Reeven, W. and Vanel, O. and Vecchiato, A. and Viala, Y. and Vicente, D. and Voutsinas, S. and Weiler, M. and Wevers, T. and Wyrzykowski, L. and Yoldas, A. and Yvard, P. and Zhao, H. and Zorec, J. and Zucker, S. and Zwitter, T.},
  
  keywords = {Astrophysics of Galaxies (astro-ph.GA), FOS: Physical sciences, FOS: Physical sciences},
  
  title = {Gaia Data Release 3: Summary of the content and survey properties},
  
  publisher = {arXiv},
  
  year = {2022},
  
  copyright = {Creative Commons Attribution 4.0 International}
}


@article{ refId0,
	author = {{Gomel, R.} and {Mazeh, T.} and {Faigler, S.} and {Eyer, L.} and {Rimoldini, L.} and {Audard, M.} and {Mowlavi, N.} and {Holl, B.} and {Jevardat, G.} and {Nienartowicz, K.} and {Lecoeur, I.} and {Wyrzykowski, L.}},
	title = {Gaia Data Release 3. Ellipsoidal variables with possible black hole or neutron star secondaries},
	DOI= "10.1051/0004-6361/202243626",
	%url= "https://doi.org/10.1051/0004-6361/202243626",
	journal = {A\&A},
	year = 2022
}
@article{ refId1,
	author = {{Wyrzykowski, L.} and {Kruszynska, K.} and {Rybicki, K.A.} and {et al.}},
	title = {Gaia Data Release 3: Microlensing events from all over the sky},
	DOI= "10.1051/0004-6361/202243756",
	%url= "https://doi.org/10.1051/0004-6361/202243756",
	journal = {A\&A},
	year = 2022,
}
@article{ refId2,
	author = {{Gaia Collaboration} and {De Ridder, J.} and {Ripepi, V.} and {Aerts, C.} and {et al.}},
	title = {Gaia Data Release 3. Pulsations in main-sequence OBAF-type stars},
	DOI= "10.1051/0004-6361/202243767",
	%url= "https://doi.org/10.1051/0004-6361/202243767",
	journal = {A\&A},
	year = 2022
}
@article{ refId3,
	author = {{Arenou, F.} and {Babusiaux, C.} and {Barstow, M.} and {et al.}},
	title = {Gaia Data Release 3: Stellar multiplicity, a teaser for the hidden treasure},
	DOI= "10.1051/0004-6361/202243782",
	%url= "https://doi.org/10.1051/0004-6361/202243782",
	journal = {A\&A},
	year = 2022
}
@article{ refId4,
	author = {{Clementini, G.} and {Ripepi, V.} and {Garofalo, A.} and {Molinaro, R.} and {Muraveva, T.} and {Leccia, S.} and {Rimoldini, L.} and {Holl, B.} and {Jevardat de Fombelle, G.} and {Sartoretti, P.} and {Marchal, O.} and {Audard, M.} and {Nienartowicz, K.} and {Andrae, R.} and {Marconi, M.} and {Szabados, L.} and {Evans, D. W.} and {Lecoeur-Taibi ..., I.}},
	title = {Gaia Data Release 3. Specific processing and validation of all-sky RR Lyrae and Cepheid stars. The RR Lyrae sample},
	DOI= "10.1051/0004-6361/202243964",
	%url= "https://doi.org/10.1051/0004-6361/202243964",
	journal = {A\&A},
	year = 2022
}
@article{ refId5,
	author = {{Ripepi, V.} and {Clementini, G.} and {Molinaro, R.} and {Leccia, S.} and {Plachy, E.} and {Moln\'ar, L.} and {Rimoldini, L.} and {Musella, I.} and {Marconi, M.} and {Garofalo, A.} and {Audard, M.} and {Holl, B.} and {Evans, D. W.} and {Jevardat de Fombelle, G.} and {Lecoeur-Taibi, I.} and {Marchal, O.} and {Mowlavi, N.} and {Muraveva, T.} and {et al.}},
	title = {Gaia Data Release 3: Specific processing and validation of all-sky RR Lyrae and Cepheid stars - The Cepheid sample},
	DOI= "10.1051/0004-6361/202243990",
	%url= "https://doi.org/10.1051/0004-6361/202243990",
	journal = {A\&A},
	year = 2022,
}
@article{ refId6,
	author = {{Carnerero, M. I.} and {Raiteri, C. M.} and {Rimoldini, L.} and {Busonero, D.} and {Licata, E.} and {Mowlavi, N.} and {Lecoeur-Ta\"{\i}bi, I.} and {Audard, M.} and {Holl, B.} and {Gavras, P.} and {Nienartowicz, K.} and {Jevardat de Fombelle, G.} and {Carballo, R.} and {Clementini, G.} and {Delchambre, L.} and {Klioner, S.} and {Lattanzi, M.G.} and {Eyer, L.}},
	title = {Gaia Data Release 3. The first Gaia catalogue of variable AGN},
	DOI= "10.1051/0004-6361/202244035",
	%url= "https://doi.org/10.1051/0004-6361/202244035",
	journal = {A\&A},
	year = 2022
}
@article{ refId7,
	author = {{Marton, G.} and {\'Abrah\'am, P.} and {Rimoldini, L.} and {Audard, M.} and {Kun, M.} and {Nagy, Z.} and {K\'osp\'al, \'A.} and {Szabados, L.} and {Holl, B.} and {Gavras, P.} and {Mowlavi, N.} and {Nienartowicz, K.} and {de Fombelle, G. J.} and {Lecoeur-Ta\"{\i}bi, I.} and {Karbevska, L.} and {Garcia-Lario, P.} and {Eyer, L.}},
	title = {Gaia Data Release 3. Validating the classification of variable young stellar object candidates},
	DOI= "10.1051/0004-6361/202244101",
	%url= "https://doi.org/10.1051/0004-6361/202244101",
	journal = {A\&A},
	year = 2023
}
@article{ refId8,
	author = {{Distefano, E.} and {Lanzafame, A. C.} and {Brugaletta, E.} and {Holl, B.} and {Lanza, A.F.} and {Messina, S.} and {Pagano, I.} and {Audard, M.} and {Jervadat de Fombelle, G.} and {Lecoeur-Taibi, I.} and {Mowlavi, N.} and {Nienartowicz, K.} and {Rimoldini, L.} and {Ewans, D. W.} and {Riello, M.} and {Garc\`{\i}a-Lario, P.} and {Gavras, P.} and {Eyer, L.}},
	title = {Gaia Data Release 3. Rotational modulation and patterns of color variations in solar-like variables},
	DOI= "10.1051/0004-6361/202244178",
	%url= "https://doi.org/10.1051/0004-6361/202244178",
	journal = {A\&A},
	year = 2022
}
@article{ refId9,
	author = {{Lebzelter, T.} and {Mowlavi, N.} and {Lecoeur-Taibi, I.} and {Trabucchi, M.} and {Audard, M.} and {Garcia-Lario, P.} and {Gavras, P.} and {Holl, B.} and {Jevardat de Fombelle, G.} and {Nienartowicz, K.} and {Rimoldini, L.} and {Eyer, L.}},
	title = {Gaia Data Release 3. The second Gaia catalogue of long-period variable candidates},
	DOI= "10.1051/0004-6361/202244241",
	%url= "https://doi.org/10.1051/0004-6361/202244241",
	journal = {A\&A},
	year = 2022
}


@misc{mowlavi2022gaia,
      title={Gaia Data Release 3. The first Gaia catalogue of eclipsing binary candidates}, 
      author={N. Mowlavi and B. Holl and I. Lecœur-Taïbi and F. Barblan and A. Kochoska and A. Prša and T. Mazeh and L. Rimoldini and P. Gavras and M. Audard and G. Jevardat de Fombelle and K. Nienartowicz and P. Garcia-Lario and L. Eyer},
      year={2022},
      eprint={2211.00929},
      archivePrefix={arXiv},
      primaryClass={astro-ph.SR}
}


@article{Roelens_2018,
	doi = {10.1051/0004-6361/201833357},
	year = 2018,
	month = {dec},
	publisher = {{EDP} Sciences},
	volume = {620},
	pages = {A197},
	author = {M. Roelens and L. Eyer and N. Mowlavi and L. Rimoldini and I. Lecoeur-Taïbi and K. Nienartowicz and G. Jevardat de Fombelle and O. Marchal and M. Audard and L. Guy and B. Holl and D. W. Evans and M. Riello and F. De Angeli and S. Blanco-Cuaresma and T. Wevers},
	title = {Gaia Data Release 2. Short-timescale variability processing and analysis},
	journal = {Astronomy \& Astrophysics}
}




@ARTICLE{2022yCat.1358....0G,
       author = {{Gaia Collaboration}},
        title = "{VizieR Online Data Catalog: Gaia DR3 Part 4. Variability (Gaia Collaboration, 2022)}",
      journal = {VizieR Online Data Catalog},
     keywords = {Gaia},
         year = 2022,
        month = may,
          eid = {I/358},
        pages = {I/358},
       adsurl = {https://ui.adsabs.harvard.edu/abs/2022yCat.1358....0G},
      adsnote = {Provided by the SAO/NASA Astrophysics Data System}
      }






@misc{arenou,
      title={Gaia Data Release 3: Stellar multiplicity, a teaser for the hidden treasure}, 
      author={{Gaia Collaboration} and {F. Arenou} and C. Babusiaux and M. A. Barstow and S. Faigler and A. Jorissen and P. Kervella and T. Mazeh and N. Mowlavi and P. Panuzzo and J. Sahlmann and S. Shahaf and A. Sozzetti and N. Bauchet and Y. Damerdji and P. Gavras and P. Giacobbe and E. Gosset and J. -L. Halbwachs and B. Holl and M. G. Lattanzi and N. Leclerc and T. Morel and D. Pourbaix and P. Re Fiorentin and G. Sadowski and D. Ségransan and C. Siopis and D. Teyssier and T. Zwitter and L. Planquart and A. G. A. Brown and A. Vallenari and T. Prusti and J. H. J. de Bruijne and M. Biermann and O. L. Creevey and C. Ducourant and D. W. Evans and L. Eyer and R. Guerra and A. Hutton and C. Jordi and S. A. Klioner and U. L. Lammers and L. Lindegren and X. Luri and F. Mignard and C. Panem and S. Randich and P. Sartoretti and C. Soubiran and P. Tanga and N. A. Walton and C. A. L. Bailer-Jones and U. Bastian and R. Drimmel and F. Jansen and D. Katz and F. van Leeuwen and J. Bakker and C. Cacciari and J. Castañeda and F. De Angeli and C. Fabricius and M. Fouesneau and Y. Frémat and L. Galluccio and A. Guerrier and U. Heiter and E. Masana and R. Messineo and C. Nicolas and K. Nienartowicz and F. Pailler and F. Riclet and W. Roux and G. M. Seabroke and R. Sordo and F. Thévenin and G. Gracia-Abril and J. Portell and M. Altmann and R. Andrae and M. Audard and I. Bellas-Velidis and K. Benson and J. Berthier and R. Blomme and P. W. Burgess and D. Busonero and G. Busso and H. Cánovas and B. Carry and A. Cellino and N. Cheek and G. Clementini and M. Davidson and P. de Teodoro and M. Nuñez Campos and L. Delchambre and A. Dell'Oro and P. Esquej and J. Fernández-Hernández and E. Fraile and D. Garabato and P. García-Lario and R. Haigron and N. C. Hambly and D. L. Harrison and J. Hernández and D. Hestroffer and S. T. Hodgkin and K. Janßen and G. Jevardat de Fombelle and S. Jordan and A. Krone-Martins and A. C. Lanzafame and W. Löffler and O. Marchal and P. M. Marrese and A. Moitinho and K. Muinonen and P. Osborne and E. Pancino and T. Pauwels and A. Recio-Blanco and C. Reylé and M. Riello and L. Rimoldini and T. Roegiers and J. Rybizki and L. M. Sarro and M. Smith and E. Utrilla and M. van Leeuwen and U. Abbas and P. Ábrahám and A. Abreu Aramburu and C. Aerts and J. J. Aguado and M. Ajaj and F. Aldea-Montero and G. Altavilla and M. A. Álvarez and J. Alves and F. Anders and R. I. Anderson and E. Anglada Varela and T. Antoja and D. Baines and S. G. Baker and L. Balaguer-Núñez and E. Balbinot and Z. Balog and C. Barache and D. Barbato and M. Barros and S. Bartolomé and J. -L. Bassilana and U. Becciani and M. Bellazzini and A. Berihuete and M. Bernet and S. Bertone and L. Bianchi and A. Binnenfeld and S. Blanco-Cuaresma and A. Blazere and T. Boch and A. Bombrun and D. Bossini and S. Bouquillon and A. Bragaglia and L. Bramante and E. Breedt and A. Bressan and N. Brouillet and E. Brugaletta and B. Bucciarelli and A. Burlacu and A. G. Butkevich and R. Buzzi and E. Caffau and R. Cancelliere and T. Cantat-Gaudin and R. Carballo and T. Carlucci and M. I. Carnerero and J. M. Carrasco and L. Casamiquela and M. Castellani and A. Castro-Ginard and L. Chaoul and P. Charlot and L. Chemin and V. Chiaramida and A. Chiavassa and N. Chornay and G. Comoretto and G. Contursi and W. J. Cooper and T. Cornez and S. Cowell and F. Crifo and M. Cropper and M. Crosta and C. Crowley and C. Dafonte and A. Dapergolas and P. David and P. de Laverny and F. De Luise and R. De March and J. De Ridder and R. de Souza and A. de Torres and E. F. del Peloso and E. del Pozo and M. Delbo and A. Delgado and J. -B. Delisle and C. Demouchy and T. E. Dharmawardena and S. Diakite and C. Diener and E. Distefano and C. Dolding and H. Enke and C. Fabre and M. Fabrizio and G. Fedorets and P. Fernique and F. Figueras and Y. Fournier and C. Fouron and F. Fragkoudi and M. Gai and A. Garcia-Gutierrez and M. Garcia-Reinaldos and M. García-Torres and A. Garofalo and A. Gavel and E. Gerlach and R. Geyer and G. Gilmore and S. Girona and G. Giuffrida and R. Gomel and A. Gomez and J. González-Núñez and I. González-Santamaría and J. J. González-Vidal and M. Granvik and P. Guillout and J. Guiraud and R. Gutiérrez-Sánchez and L. P. Guy and D. Hatzidimitriou and M. Hauser and M. Haywood and A. Helmer and A. Helmi and M. H. Sarmiento and S. L. Hidalgo and N. Hładczuk and D. Hobbs and G. Holland and H. E. Huckle and K. Jardine and G. Jasniewicz and A. Jean-Antoine Piccolo and Ó. Jiménez-Arranz and J. Juaristi Campillo and F. Julbe and L. Karbevska and S. Khanna and G. Kordopatis and A. J. Korn and Á Kóspál and Z. Kostrzewa-Rutkowska and K. Kruszyńska and M. Kun and P. Laizeau and S. Lambert and A. F. Lanza and Y. Lasne and J. -F. Le Campion and Y. Lebreton and T. Lebzelter and S. Leccia and I. Lecoeur-Taibi and S. Liao and E. L. Licata and H. E. P. Lindstrøm and T. A. Lister and E. Livanou and A. Lobel and A. Lorca and C. Loup and P. Madrero Pardo and A. Magdaleno Romeo and S. Managau and R. G. Mann and M. Manteiga and J. M. Marchant and M. Marconi and J. Marcos and M. M. S. Marcos Santos and D. Marín Pina and S. Marinoni and F. Marocco and D. J. Marshall and L. Martin Polo and J. M. Martín-Fleitas and G. Marton and N. Mary and A. Masip and D. Massari and A. Mastrobuono-Battisti and P. J. McMillan and S. Messina and D. Michalik and N. R. Millar and A. Mints and D. Molina and R. Molinaro and L. Molnár and G. Monari and M. Monguió and P. Montegriffo and A. Montero and R. Mor and A. Mora and R. Morbidelli and D. Morris and T. Muraveva and C. P. Murphy and I. Musella and Z. Nagy and L. Noval and F. Ocaña and A. Ogden and C. Ordenovic and J. O. Osinde and C. Pagani and I. Pagano and L. Palaversa and P. A. Palicio and L. Pallas-Quintela and A. Panahi and S. Payne-Wardenaar and X. Peñalosa Esteller and A. Penttilä and B. Pichon and A. M. Piersimoni and F. -X. Pineau and E. Plachy and G. Plum and E. Poggio and A. Prša and L. Pulone and E. Racero and S. Ragaini and M. Rainer and C. M. Raiteri and P. Ramos and M. Ramos-Lerate and S. Regibo and P. J. Richards and C. Rios Diaz and V. Ripepi and A. Riva and H. -W. Rix and G. Rixon and N. Robichon and A. C. Robin and C. Robin and M. Roelens and H. R. O. Rogues and L. Rohrbasser and M. Romero-Gómez and N. Rowell and F. Royer and D. Ruz Mieres and K. A. Rybicki and A. Sáez Núñez and A. Sagristà Sellés and E. Salguero and N. Samaras and V. Sanchez Gimenez and N. Sanna and R. Santoveña and M. Sarasso and M. S. Schultheis and E. Sciacca and M. Segol and J. C. Segovia and D. Semeux and H. I. Siddiqui and A. Siebert and L. Siltala and A. Silvelo and E. Slezak and I. Slezak and R. L. Smart and O. N. Snaith and E. Solano and F. Solitro and D. Souami and J. Souchay and A. Spagna and L. Spina and F. Spoto and I. A. Steele and H. Steidelmüller and C. A. Stephenson and M. Süveges and J. Surdej and L. Szabados and E. Szegedi-Elek and F. Taris and M. B. Taylor and R. Teixeira and L. Tolomei and N. Tonello and F. Torra and J. Torra and G. Torralba Elipe and M. Trabucchi and A. T. Tsounis and C. Turon and A. Ulla and N. Unger and M. V. Vaillant and E. van Dillen and W. van Reeven and O. Vanel and A. Vecchiato and Y. Viala and D. Vicente and S. Voutsinas and M. Weiler and T. Wevers and Ł. Wyrzykowski and A. Yoldas and P. Yvard and H. Zhao and J. Zorec and S. Zucker},
      year={2022},
      eprint={2206.05595},
      archivePrefix={arXiv},
      primaryClass={astro-ph.SR}
}     




@misc{ripepi,
      title={Gaia DR3: Specific processing and validation of all-sky RR Lyrae and Cepheid stars -- The Cepheid sample}, 
      author={V. Ripepi and G. Clementini and R. Molinaro and S. Leccia and E. Plachy and L. Molnár and L. Rimoldini and I. Musella and M. Marconi and A. Garofalo and M. Audard and B. Holl and D. W. Evans and G. Jevardat de Fombelle and I. Lecoeur-Taibi and O. Marchal and N. Mowlavi and T. Muraveva and K. Nienartowicz and P. Sartoretti and L. Szabados and L. Eyer},
      year={2022},
      eprint={2206.06212},
      archivePrefix={arXiv},
      primaryClass={astro-ph.SR}
}